@online{TIOBE,
    title = {TIOBE Index},
    howpublished = {\url{http://www.tiobe.com/index.php/content/paperinfo/tpci/index.html}}
}

@online{LANGPOP,
    title = {Programming Language Popularity},
    howpublished = {\url{http://langpop.com/}}
}
